@inproceedings{strubell2019energy,
  title={Energy and policy considerations for deep learning in NLP},
  author={Strubell, Emma and Ganesh, Ananya and McCallum, Andrew},
  booktitle={Proceedings of the 57th Annual Meeting of the Association for Computational Linguistics},
  pages={3645--3650},
  year={2019},
  organization={Association for Computational Linguistics}
}

@article{patterson2021carbon,
  title={Carbon emissions and large neural network training},
  author={Patterson, David and Gonzalez, Joseph and Le, Quoc and Liang, Chen and Munguia, Lluis-Miquel and Rothchild, Daniel and So, David and Texier, Maud and Dean, Jeff},
  journal={arXiv preprint arXiv:2104.10350},
  year={2021}
}

@article{howard2017mobilenets,
  title={MobileNets: Efficient convolutional neural networks for mobile vision applications},
  author={Howard, Andrew G and Zhu, Menglong and Chen, Bo and Kalenichenko, Dmitry and Wang, Weijun and Weyand, Tobias and Andreetto, Marco and Adam, Hartwig},
  journal={arXiv preprint arXiv:1704.04861},
  year={2017}
}

@article{garcia2019estimation,
  title={Estimation of energy consumption in machine learning},
  author={Garcia-Martin, Eva and Rodrigues, Crefeda Faviola and Riley, Graham and Grahn, H{\aa}kan},
  journal={Journal of Parallel and Distributed Computing},
  volume={134},
  pages={75--88},
  year={2019},
  publisher={Elsevier}
}

@article{schwartz2020green,
  title={Green AI},
  author={Schwartz, Roy and Dodge, Jesse and Smith, Noah A and Etzioni, Oren},
  journal={Communications of the ACM},
  volume={63},
  number={12},
  pages={54--63},
  year={2020},
  publisher={ACM New York, NY, USA}
}

@article{ruder2016overview,
  title={An overview of gradient descent optimization algorithms},
  author={Ruder, Sebastian},
  journal={arXiv preprint arXiv:1609.04747},
  year={2016}
}

@inproceedings{schmidt2021descending,
  title={Descending through a crowded valley-benchmarking deep learning optimizers},
  author={Schmidt, Robin M and Schneider, Frank and Hennig, Philipp},
  booktitle={International Conference on Machine Learning},
  pages={9367--9376},
  year={2021},
  organization={PMLR}
}

@article{choi2019empirical,
  title={On empirical comparisons of optimizers for deep learning},
  author={Choi, Dami and Shallue, Christopher J and Nado, Zachary and Lee, Jaehoon and Maddison, Chris J and Dahl, George E},
  journal={arXiv preprint arXiv:1910.05446},
  year={2019}
}

@article{koomey2011implications,
  title={Implications of historical trends in the electrical efficiency of computing},
  author={Koomey, Jonathan and Berard, Stephen and Sanchez, Marla and Wong, Henry},
  journal={IEEE Annals of the History of Computing},
  volume={33},
  number={3},
  pages={46--54},
  year={2011},
  publisher={IEEE}
}

@article{pinto2017energy,
  title={Energy efficiency: a new concern for application software developers},
  author={Pinto, Gustavo and Castor, Fernando},
  journal={Communications of the ACM},
  volume={60},
  number={12},
  pages={68--75},
  year={2017},
  publisher={ACM New York, NY, USA}
}
